@inproceedings{evaluation,
  author = {Kunaver, Matev≈æ and Pozrl, Tomaz and Pogacnik, Matevz and Tasic, Jurij},
  year   = {2006},
  month  = {08},
  pages  = {},
  title  = {The evaluation of a hybrid recommender system for recommendation of movies}
}

@inproceedings{b1,
  author = {Yelp},
  year   = {2006},
  month  = {08},
  pages  = {},
  title  = {Yelp Dataset}
}

@inproceedings{dwivedi2017recommender,
  title        = {Recommender system for big data in education},
  author       = {Dwivedi, Surabhi and Roshni, VS Kumari},
  booktitle    = {2017 5th National Conference on E-Learning \& E-Learning Technologies (ELELTECH)},
  pages        = {1--4},
  year         = {2017},
  organization = {IEEE}
}
